<?xml version="1.0" encoding="UTF-8"?><record xmlns="http://www.loc.gov/MARC21/slim" xmlns:cinclude="http://apache.org/cocoon/include/1.0" xmlns:zs="http://www.loc.gov/zing/srw/">
  <leader>00433cz  a2200133n  4500</leader>
  <controlfield tag="001">n  84091901 </controlfield>
  <controlfield tag="003">DLC</controlfield>
  <controlfield tag="005">19890829062411.4</controlfield>
  <controlfield tag="008">840430n| acannaab|          |a aaa      </controlfield>
  <datafield tag="010" ind1=" " ind2=" ">
    <subfield code="a">n  84091901 </subfield>
  </datafield>
  <datafield tag="040" ind1=" " ind2=" ">
    <subfield code="a">DLC</subfield>
    <subfield code="c">DLC</subfield>
    <subfield code="d">MiU</subfield>
  </datafield>
  <datafield tag="100" ind1="1" ind2="0">
    <subfield code="a">Smith, F. Gordon</subfield>
  </datafield>
  <datafield tag="400" ind1="1" ind2="0">
    <subfield code="a">Smith, Gordon</subfield>
    <subfield code="q">(F. Gordon)</subfield>
  </datafield>
  <datafield tag="670" ind1=" " ind2=" ">
    <subfield code="a">Davis, R. T. Marketing in emerging companies, 1984:</subfield>
    <subfield code="b">CIP t.p. (F. Gordon Smith, World Trade in Computers) data sheet (Smith, Gordon)</subfield>
  </datafield>
</record>